<?xml version="1.0" encoding="UTF-8" ?><marc:collection xmlns:marc="http://www.loc.gov/MARC21/slim" xmlns:xsi="http://www.w3.org/2001/XMLSchema-instance" xsi:schemaLocation="http://www.loc.gov/MARC21/slim http://www.loc.gov/standards/marcxml/schema/MARC21slim.xsd">
<marc:record><marc:leader>02651cam a2200445Ii 4500</marc:leader>
<marc:controlfield tag="001">b12004091</marc:controlfield>
<marc:controlfield tag="003">UaCaAUL</marc:controlfield><marc:controlfield tag="005">20180219122438.0</marc:controlfield><marc:controlfield tag="008">940802m19551956ua       b    000 0 ara d</marc:controlfield><marc:datafield tag="035" ind1=" " ind2=" "><marc:subfield code="a">(OCoLC)43056494</marc:subfield></marc:datafield><marc:datafield tag="040" ind1=" " ind2=" "><marc:subfield code="a">EQO</marc:subfield><marc:subfield code="b">eng</marc:subfield><marc:subfield code="e">rda</marc:subfield><marc:subfield code="c">EQO</marc:subfield><marc:subfield code="d">OCLCQ</marc:subfield><marc:subfield code="d">OCLCG</marc:subfield><marc:subfield code="d">IUL</marc:subfield><marc:subfield code="d">MEAUC</marc:subfield><marc:subfield code="d">OCLCF</marc:subfield><marc:subfield code="d">OCLCQ</marc:subfield><marc:subfield code="d">OCL</marc:subfield><marc:subfield code="d">MEAUC</marc:subfield></marc:datafield><marc:datafield tag="043" ind1=" " ind2=" "><marc:subfield code="a">f-ua---</marc:subfield></marc:datafield><marc:datafield tag="049" ind1=" " ind2=" "><marc:subfield code="a">MAIN</marc:subfield></marc:datafield><marc:datafield tag="050" ind1=" " ind2="4"><marc:subfield code="a">DT97</marc:subfield><marc:subfield code="b">.S5 1955</marc:subfield></marc:datafield><marc:datafield tag="066" ind1=" " ind2=" "><marc:subfield code="c">(3</marc:subfield></marc:datafield><marc:datafield tag="090" ind1=" " ind2=" "><marc:subfield code="a">DT97</marc:subfield><marc:subfield code="b">.S5 1955</marc:subfield></marc:datafield><marc:datafield tag="100" ind1="1" ind2=" "><marc:subfield code="6">880-01</marc:subfield><marc:subfield code="a">Sharqāwī, Maḥmūd.</marc:subfield></marc:datafield><marc:datafield tag="245" ind1="1" ind2="0"><marc:subfield code="6">880-02</marc:subfield><marc:subfield code="a">Miṣr fī al-qarn al-thāmin ʻashar :</marc:subfield><marc:subfield code="b">dirāsāt fī tārīkh al-Jabartī /</marc:subfield><marc:subfield code="c">taʼlīf Maḥmūd al-Sharqāwī.</marc:subfield></marc:datafield><marc:datafield tag="246" ind1="1" ind2=" "><marc:subfield code="6">880-03</marc:subfield><marc:subfield code="i">At head of title.:</marc:subfield><marc:subfield code="a">Dirāsāt fī tārīkh al-Jabartī.</marc:subfield></marc:datafield><marc:datafield tag="264" ind1=" " ind2="1"><marc:subfield code="6">880-04</marc:subfield><marc:subfield code="a">[Cairo] :</marc:subfield><marc:subfield code="b">multazim al-tabʻ wa-al-nashr Maktabat al-Anjlū al-Miṣrīyah,</marc:subfield><marc:subfield code="c">1955-1956.</marc:subfield></marc:datafield><marc:datafield tag="300" ind1=" " ind2=" "><marc:subfield code="a">3 volumes in 1 ;</marc:subfield><marc:subfield code="c">24 cm.</marc:subfield></marc:datafield><marc:datafield tag="336" ind1=" " ind2=" "><marc:subfield code="a">text</marc:subfield><marc:subfield code="b">txt</marc:subfield><marc:subfield code="2">rdacontent.</marc:subfield></marc:datafield><marc:datafield tag="337" ind1=" " ind2=" "><marc:subfield code="a">unmediated</marc:subfield><marc:subfield code="b">n</marc:subfield><marc:subfield code="2">rdamedia.</marc:subfield></marc:datafield><marc:datafield tag="338" ind1=" " ind2=" "><marc:subfield code="a">volume</marc:subfield><marc:subfield code="b">nc</marc:subfield><marc:subfield code="2">rdacarrier.</marc:subfield></marc:datafield><marc:datafield tag="500" ind1=" " ind2=" "><marc:subfield code="a">Includes errata.</marc:subfield></marc:datafield><marc:datafield tag="500" ind1=" " ind2=" "><marc:subfield code="a">At head of title of volume 2 and 3 : Nāla hādhā al-kitāb Jāiʼzat Majmaʻ al-Lughah al-ʻArabīyah lil-buḥuth al-Adabīyah ʻan sanat 1955.</marc:subfield></marc:datafield><marc:datafield tag="504" ind1=" " ind2=" "><marc:subfield code="a">Includes bibliographical references.</marc:subfield></marc:datafield><marc:datafield tag="505" ind1="0" ind2="0"><marc:subfield code="6">880-05</marc:subfield><marc:subfield code="g">al-juzʼ al-awwal.</marc:subfield><marc:subfield code="t">ʻAbd al-Raḥmān al-Jabartī. al-Ḥayāh al-fikrīyah wa-al-ijtimāʻīyah --</marc:subfield><marc:subfield code="g">al-juzʼ al-thānī.</marc:subfield><marc:subfield code="t">al-Azhar wa-al-ʻulamāʼ. Ayyām al-Mamālīk --</marc:subfield><marc:subfield code="g">al-juzʼ al-thālith.</marc:subfield><marc:subfield code="t">Shaʻb Miṣr wa-kifāḥuh. Ṣafaḥāt min sīrat Muḥammad ʻAlī.</marc:subfield></marc:datafield><marc:datafield tag="600" ind1="1" ind2="0"><marc:subfield code="6">880-06</marc:subfield><marc:subfield code="a">Jabartī, ʻAbd al-Raḥmān,</marc:subfield><marc:subfield code="d">1754-1822.</marc:subfield></marc:datafield><marc:datafield tag="651" ind1=" " ind2="0"><marc:subfield code="a">Egypt</marc:subfield><marc:subfield code="x">History</marc:subfield><marc:subfield code="y">640-1882.</marc:subfield></marc:datafield><marc:datafield tag="880" ind1="1" ind2=" "><marc:subfield code="6">100-01/(3/r</marc:subfield><marc:subfield code="a">شرقاوي، محمود..</marc:subfield></marc:datafield><marc:datafield tag="880" ind1="1" ind2="0"><marc:subfield code="6">245-02/(3/r</marc:subfield><marc:subfield code="a">مصر في القرن الثامن عشر :‪</marc:subfield><marc:subfield code="b">دراسات في تاريخ الجبرتي/‪</marc:subfield><marc:subfield code="c">تأليف محمود الشرقاوي..</marc:subfield></marc:datafield><marc:datafield tag="880" ind1="1" ind2=" "><marc:subfield code="6">246-03/(3/r</marc:subfield><marc:subfield code="i">At head of title.:</marc:subfield><marc:subfield code="a">دراسات في تاريخ الجبرتي.</marc:subfield></marc:datafield><marc:datafield tag="880" ind1="1" ind2="0"><marc:subfield code="6">600-06/(3/r</marc:subfield><marc:subfield code="a">جبرتي، عبد الرحمن،،‪</marc:subfield><marc:subfield code="d">1754-1822.</marc:subfield></marc:datafield><marc:datafield tag="880" ind1=" " ind2="1"><marc:subfield code="6">264-04/(3/r</marc:subfield><marc:subfield code="a">[Cairo] :</marc:subfield><marc:subfield code="b">ملتزم الطبع والنشر مكتبة الأنجلو المصرية،‪</marc:subfield><marc:subfield code="c">1955-1956.</marc:subfield></marc:datafield><marc:datafield tag="880" ind1="0" ind2="0"><marc:subfield code="6">505-05/(3/r</marc:subfield><marc:subfield code="g">الجزء الأول.‪</marc:subfield><marc:subfield code="t">عبد الرحمن الجبرتي. الحياه الفكرية والاجتماعية --‪</marc:subfield><marc:subfield code="g">الجزء الثاني.‪</marc:subfield><marc:subfield code="t">الأزهر والعلماء. أيام المماليك --‪</marc:subfield><marc:subfield code="g">الجزء الثالث.‪</marc:subfield><marc:subfield code="t">شعب مصر وكفاحه. صفحات من سيرة محمد علي..</marc:subfield></marc:datafield><marc:datafield tag="907" ind1=" " ind2=" "><marc:subfield code="a">.b12004091</marc:subfield><marc:subfield code="b">main </marc:subfield></marc:datafield><marc:datafield tag="902" ind1=" " ind2=" "><marc:subfield code="a">181015</marc:subfield></marc:datafield><marc:datafield tag="998" ind1=" " ind2=" "><marc:subfield code="b">1</marc:subfield><marc:subfield code="c">010702</marc:subfield><marc:subfield code="d">m</marc:subfield><marc:subfield code="e">a</marc:subfield><marc:subfield code="f">-</marc:subfield><marc:subfield code="g">0</marc:subfield><marc:subfield code="k">USA</marc:subfield></marc:datafield><marc:datafield tag="945" ind1=" " ind2=" "><marc:subfield code="l">main </marc:subfield><marc:subfield code="u">v.v.1-3</marc:subfield></marc:datafield></marc:record>
</marc:collection>
